@article{Donelan1996,
  doi = {10.1175/1520-0485(1996)026<1901:naotdp>2.0.co;2},
  url = {https://doi.org/10.1175/1520-0485(1996)026<1901:naotdp>2.0.co;2},
  year = {1996},
  month = sep,
  publisher = {American Meteorological Society},
  volume = {26},
  number = {9},
  pages = {1901--1914},
  author = {M. A. Donelan and W. M. Drennan and A. K. Magnusson},
  title = {Nonstationary Analysis of the Directional Properties of Propagating Waves},
  journal = {Journal of Physical Oceanography}
}

@Article{Hogstrom1988,
  author="H{\"o}gstr{\"o}m, Ulf",
  title="Non-dimensional wind and temperature profiles in the atmospheric
         surface layer: A re-evaluation",
  journal="Boundary-Layer Meteorology",
  year="1988",
  month="Jan",
  day="01",
  volume="42",
  number="1",
  pages="55--78",
  issn="1573-1472",
  doi="10.1007/BF00119875",
  url="https://doi.org/10.1007/BF00119875"
}

@article{LargePond1981,
  title={Open ocean momentum flux measurements in moderate to strong winds},
  author={Large, WG and Pond, S},
  journal={Journal of physical oceanography},
  volume={11},
  number={3},
  pages={324--336},
  year={1981}
}

@article{Smith1980,
  title={Wind stress and heat flux over the ocean in gale force winds},
  author={Smith, Stuart D},
  journal={Journal of Physical Oceanography},
  volume={10},
  number={5},
  pages={709--726},
  year={1980}
}
