@Article{Hogstrom1988,
  author="H{\"o}gstr{\"o}m, Ulf",
  title="Non-dimensional wind and temperature profiles in the atmospheric
         surface layer: A re-evaluation",
  journal="Boundary-Layer Meteorology",
  year="1988",
  month="Jan",
  day="01",
  volume="42",
  number="1",
  pages="55--78",
  issn="1573-1472",
  doi="10.1007/BF00119875",
  url="https://doi.org/10.1007/BF00119875"
}

